@misc{teori:NAO,
  author        = {IEEE},
  howpublished  = {\url{https://robots.ieee.org/robots/nao/}},
  note          = {Accessed 02-12-2020},
  title         = {NAO},
  abstract      = {Nao is a small humanoid robot designed to interact with people. It's packed with sensors (and character) 
  and it can walk, dance, speak, and recognize faces and objects. Now in its sixth generation, it is used in research, education, 
  and healthcare all over the world.},
  timestamp     = {02-12-2020},
  url           = {https://robots.ieee.org/robots/nao/}
}

@Misc{teori:SBNAO,
  author        = {SoftBanks},
  howpublished  = {\url{https://www.softbankrobotics.com/emea/en/nao}},
  note          = {Accessed 02-12-2020},
  title         = {NAO$^6$},
  abstract      = {NAO is the first robot created by SoftBank Robotics. Famous around the world, NAO is a tremendous programming 
  tool and he has especially become a standard in education and research.},
  timestamp     = {02-12-2020},
  url           = {https://www.softbankrobotics.com/emea/en/nao},
}

@Misc{teori:ML,
    author        = {Microsoft},
    howpublished  = {\url{https://azure.microsoft.com/nb-no/overview/what-is-machine-learning-platform/}},
    note          = {Accessed 04-12-2020},
    title         = {Maskinlæring},
    abstract      = {Maskinlæring (ML) er prosessen med å bruke matematiske datamodeller til å hjelpe en datamaskin 
    med å lære uten direkte instruksjon. Det regnes som et delsett av kunstig intelligens (AI). Maskinlæring bruker 
    algoritmer for å identifisere mønstre i data, og disse mønstrene blir deretter brukt til å lage en datamodell som 
    kan gjøre forutsigelser. Med økt data og erfaring blir resultatene fra maskinlæring mer nøyaktige, omtrent slik 
    mennesker forbedrer seg ved øvelse.},
    timestamp     = {04-12-2020},
    url           = {https://azure.microsoft.com/nb-no/overview/what-is-machine-learning-platform/},
}

@Misc{teori:OpenCV,
    author        = {OpenCV},
    howpublished  = {\url{https://opencv.org/about/}},
    note          = {Accessed 04-12-2020},
    title         = {OpenCV},
    abstract      = {OpenCV (Open Source Computer Vision Library) is an open source computer vision and machine learning 
    software library. OpenCV was built to provide a common infrastructure for computer vision applications and to accelerate 
    the use of machine perception in the commercial products. Being a BSD-licensed product, OpenCV makes it easy for businesses to utilize and modify the code.},
    timestamp     = {04-12-2020},
    url           = {https://opencv.org/about/},
}

@Misc{teori:ABB,
    author        = {ABB},
    howpublished  = {\url{https://new.abb.com/products/robotics/industrial-robots/irb-140}},
    note          = {Accessed 03-12-2020},
    title         = {ABB-robotarmen},
    abstract      = {Compact and very powerful. The IRB 140 six axes multipurpose industrial robot handles a payload of 
    6 kg with a reach of 810 mm (to axis 5) It can be floor mounted, inverted or wall mounted at any angle. The robust 
    design with fully integrated cables adds to the overall flexibility and the collision detection function ensures the 
    robot is reliable and safe.},
    timestamp     = {03-12-2020},
    url           = {https://new.abb.com/products/robotics/industrial-robots/irb-140},
}

@Misc{teori:RobStud,
    author        = {ABB},
    howpublished  = {\url{https://library.e.abb.com/public/244a8a5c10ef8875c1257b4b0052193c/3HAC032104-001_revD_en.pdf}},
    note          = {Accessed 03-12-2020},
    title         = {RobotStudio},
    abstract      = {This manual describes how to create, program and simulate robot cells and stations using RobotStudio. 
    For online programming, this manual describes how to supervise, install, configure and program a real robot controller. 
    Terms and concepts related to offline and online programming are also explained.},
    timestamp     = {03-12-2020},
    url           = {https://library.e.abb.com/public/244a8a5c10ef8875c1257b4b0052193c/3HAC032104-001_revD_en.pdf},
}

@Misc{teori:RobStud1,
    author        = {ABB},
    howpublished  = {\url{https://new.abb.com/products/robotics/robotstudio}},
    note          = {Accessed 03-12-2020},
    title         = {RobotStudio},
    abstract      = {Offline programming is the best way to maximize return on investment for robot systems. ABB's simulation 
    and offline programming software, RobotStudio, allows robot programming to be done on a PC in the office without shutting 
    down production.},
    timestamp     = {03-12-2020},
    url           = {https://new.abb.com/products/robotics/robotstudio},
}

@Misc{teori:socket,
    author        = {Nathan Jennings},
    howpublished  = {\url{https://realpython.com/python-sockets/}},
    note          = {Accessed 02-12-2020},
    title         = {Socket programering},
    abstract      = {Sockets and the socket API are used to send messages across a network. They provide a form of inter-process 
    communication (IPC). The network can be a logical, local network to the computer, or one that’s physically connected to an external 
    network, with its own connections to other networks. The obvious example is the Internet, which you connect to via your ISP.},
    timestamp     = {02-12-2020},
    url           = {https://realpython.com/python-sockets/},
}

@Misc{metode:kamera,
    author        = {ABB},
    howpublished  = {\url{https://realpython.com/python-sockets/}},
    note          = {Accessed 03-12-2020},
    title         = {RobotStudio},
    abstract      = {This manual describes how to create, program and simulate robot cells and stations using RobotStudio. 
    For online programming, this manual describes how to supervise, install, configure and program a real robot controller. 
    Terms and concepts related to offline and online programming are also explained.},
    timestamp     = {03-12-2020},
    url           = {https://new.abb.com/products/robotics/robotstudio},
}

@Misc{metode:tinkercad,
    author        = {ABB},
    howpublished  = {\url{https://www.tinkercad.com}},
    note          = {Accessed 03-12-2020},
    title         = {RobotStudio},
    abstract      = {This manual describes how to create, program and simulate robot cells and stations using RobotStudio. 
    For online programming, this manual describes how to supervise, install, configure and program a real robot controller. 
    Terms and concepts related to offline and online programming are also explained.},
    timestamp     = {03-12-2020},
    url           = {https://www.tinkercad.com},
}






